@article{protvec,
  title={ProtVec: A Continuous Distributed Representation of Biological Sequences for Deep Proteomics and Genomics},
  author={Asgari, Ehsaneddin and Mofrad, Mohammad RK},
  year={2015},
  journal={PLoS ONE},
  volume={10},
  number={11}
}

@article{pdb,
  title={The protein data bank},
  author={Berman, Helen M and Westbrook, John and Feng, Zukang and Gilliland, Gary and Bhat, Talapady N and Weissig, Helge and Shindyalov, Ilya N and Bourne, Philip E},
  journal={Nucleic acids research},
  volume={28},
  number={1},
  pages={235--242},
  year={2000},
  note = "[Online available at \url{www.rcsb.org}; accessed 23 Oct 2018]",
  publisher={Oxford University Press}
}

@article{proteindict,
  title={Dictionary of protein secondary structure: pattern recognition of hydrogen-bonded and geometrical features},
  author={Kabsch, Wolfgang and Sander, Christian},
  journal={Biopolymers: Original Research on Biomolecules},
  volume={22},
  number={12},
  pages={2577--2637},
  year={1983},
  publisher={Wiley Online Library}
}

@inproceedings{mikolov,
  title={Distributed representations of words and phrases and their compositionality},
  author={Mikolov, Tomas and Sutskever, Ilya and Chen, Kai and Corrado, Greg S and Dean, Jeff},
  booktitle={Advances in neural information processing systems},
  pages={3111--3119},
  year={2013}
}

